<record xmlns="http://www.loc.gov/MARC21/slim" xmlns:xsi="http://www.w3.org/2001/XMLSchema-instance" xsi:schemaLocation="http://www.loc.gov/MARC21/slim http://www.loc.gov/standards/marcxml/schema/MARC21slim.xsd">

  <leader>01048nab a2200169   4500</leader>
  <controlfield tag="005">20170826062546.0</controlfield>
  <controlfield tag="008">150702b2001    cr f|||| |||| 00| 0 spa d</controlfield>
  <datafield ind2=" " ind1=" " tag="090">
    <subfield code="a">REVIS 06.02.01</subfield>
  </datafield>
  <datafield tag="100" ind2=" " ind1="1">
    <subfield code="9">252</subfield>
    <subfield code="a">Villarreal Montoya, Ana Lucía</subfield>
  </datafield>
  <datafield ind2="4" ind1="1" tag="245">
    <subfield code="a">Coloquio: Educación y género /</subfield>
    <subfield code="c">Ana Lucía Villarreal</subfield>
  </datafield>
  <datafield ind2=" " ind1=" " tag="260">
    <subfield code="a">San José, Costa Rica :</subfield>
    <subfield code="b">Editorial Universidad de Costa Rica,</subfield>
    <subfield code="c">2001</subfield>
  </datafield>
  <datafield ind2=" " ind1=" " tag="300">
    <subfield code="a">páginas 157-190</subfield>
  </datafield>
  <datafield ind2=" " ind1=" " tag="520">
    <subfield code="a">La memoria incluye los resúmenes de las ponencias de las investigadoras del Programa, quienes expusieron tanto una síntesis de cada una de las investigaciones, como sus respuestas/comentarios a las preguntas generadoras que se les plantearon, con el propósito de ir concretando aportes específicos producto de las investigaciones, ellas seleccionaron cuáles responder, ya que se plantearon como una guía</subfield>
  </datafield>
  <datafield ind1="1" ind2="4" tag="650">
    <subfield code="9">1</subfield>
    <subfield code="a">EDUCACIÓN</subfield>
  </datafield>
  <datafield ind2=" " ind1="0" tag="773">
    <subfield code="d">San José, Costa Rica : Editorial de la Universidad de Costa Rica, 1997-</subfield>
    <subfield code="o">R0054</subfield>
    <subfield code="t">EDUCACIÓN: Revista de la Universidad de Costa Rica</subfield>
    <subfield code="g">Vol.25, no.1  (2001)</subfield>
  </datafield>
  <datafield tag="942" ind1=" " ind2=" ">
    <subfield code="2">z</subfield>
    <subfield code="c">10</subfield>
  </datafield>
  <datafield ind2=" " ind1=" " tag="999">
    <subfield code="c">2723</subfield>
    <subfield code="d">2723</subfield>
  </datafield>
</record>